<?xml version="1.0" encoding="UTF-8"?>
<record xmlns="http://www.loc.gov/MARC21/slim" xmlns:xsi="http://www.w3.org/2001/XMLSchema-instance" xsi:schemaLocation="http://www.loc.gov/MARC21/slim http://www.loc.gov/standards/marcxml/schema/MARC21slim.xsd">
<leader>00000cam a22      a 4500</leader>
<controlfield tag="001">001684515</controlfield>
<controlfield tag="003">NNU</controlfield>
<controlfield tag="005">20151019152555.0</controlfield>
<controlfield tag="008">960307s1908    le       b    001 0 arard</controlfield>
<datafield tag="035" ind1=" " ind2=" ">
<subfield code="a">(OCoLC)34329933</subfield>
<subfield code="z">(OCoLC)264979898</subfield>
</datafield>
<datafield tag="040" ind1=" " ind2=" ">
<subfield code="a">CUY</subfield>
<subfield code="b">eng</subfield>
<subfield code="c">CUY</subfield>
<subfield code="d">OCLCG</subfield>
<subfield code="d">IUL</subfield>
<subfield code="d">OCLCA</subfield>
<subfield code="d">OCLCQ</subfield>
<subfield code="d">OCLCO</subfield>
<subfield code="d">OCLCA</subfield>
<subfield code="d">OCLCQ</subfield>
<subfield code="d">OCLCO</subfield>
<subfield code="d">OCLCF</subfield>
<subfield code="d">OCLCO</subfield>
<subfield code="d">IUL</subfield>
</datafield>
<datafield tag="041" ind1="0" ind2=" ">
<subfield code="a">ara</subfield>
<subfield code="b">eng</subfield>
</datafield>
<datafield tag="043" ind1=" " ind2=" ">
<subfield code="a">a-sy---</subfield>
</datafield>
<datafield tag="050" ind1=" " ind2="4">
<subfield code="a">D152</subfield>
<subfield code="b">.I25 1908</subfield>
</datafield>
<datafield tag="100" ind1="1" ind2=" ">
<subfield code="6">880-01</subfield>
<subfield code="a">Ibn al-Qalānisī, Abū Yaʻlá Ḥamzah ibn Asad,</subfield>
<subfield code="d">-1160.</subfield>
</datafield>
<datafield tag="240" ind1="1" ind2="0">
<subfield code="6">880-02</subfield>
<subfield code="a">Dhayl tārīkh Dimashq</subfield>
</datafield>
<datafield tag="245" ind1="1" ind2="0">
<subfield code="6">880-03</subfield>
<subfield code="a">Tārīkh Abī Yaʻlá Ḥamzah ibn al-Qalānisī :</subfield>
<subfield code="b">al-maʻruf bi-Dhayl tārīkh Dimashq /</subfield>
<subfield code="c">tatalawahu nukhab min tawārīkh Ibn al-Azraq al-Fāriqī wa-al-sibṭ Ibn al-Jawzī wa-al-Ḥāfiẓ al-Dhahabī.</subfield>
</datafield>
<datafield tag="246" ind1="1" ind2="5">
<subfield code="a">History of Damascus, 363-555 A.H.</subfield>
</datafield>
<datafield tag="246" ind1="3" ind2="0">
<subfield code="6">880-04</subfield>
<subfield code="a">Dhayl tārīkh Dimashq</subfield>
</datafield>
<datafield tag="260" ind1=" " ind2=" ">
<subfield code="6">880-05</subfield>
<subfield code="a">Bayrūt :</subfield>
<subfield code="b">Maṭbaʻat al-Ābāʼ al-Yasūʻīayn,</subfield>
<subfield code="c">1908.</subfield>
</datafield>
<datafield tag="300" ind1=" " ind2=" ">
<subfield code="a">397, 48 pages ;</subfield>
<subfield code="c">25 cm</subfield>
</datafield>
<datafield tag="336" ind1=" " ind2=" ">
<subfield code="a">text</subfield>
<subfield code="b">txt</subfield>
<subfield code="2">rdacontent</subfield>
</datafield>
<datafield tag="337" ind1=" " ind2=" ">
<subfield code="a">unmediated</subfield>
<subfield code="b">n</subfield>
<subfield code="2">rdamedia</subfield>
</datafield>
<datafield tag="338" ind1=" " ind2=" ">
<subfield code="a">volume</subfield>
<subfield code="b">nc</subfield>
<subfield code="2">rdacarrier</subfield>
</datafield>
<datafield tag="546" ind1=" " ind2=" ">
<subfield code="a">Introduction and summary of contents in English.</subfield>
</datafield>
<datafield tag="504" ind1=" " ind2=" ">
<subfield code="a">Includes bibliographical references and index.</subfield>
</datafield>
<datafield tag="650" ind1=" " ind2="0">
<subfield code="a">Crusades.</subfield>
</datafield>
<datafield tag="651" ind1=" " ind2="0">
<subfield code="a">Damascus (Syria)</subfield>
<subfield code="x">History.</subfield>
</datafield>
<datafield tag="650" ind1=" " ind2="7">
<subfield code="a">Crusades.</subfield>
<subfield code="2">fast</subfield>
<subfield code="0">(OCoLC)fst00884401.</subfield>
</datafield>
<datafield tag="651" ind1=" " ind2="7">
<subfield code="a">Syria</subfield>
<subfield code="z">Damascus.</subfield>
<subfield code="2">fast</subfield>
<subfield code="0">(OCoLC)fst01207112.</subfield>
</datafield>
<datafield tag="655" ind1=" " ind2="7">
<subfield code="a">History.</subfield>
<subfield code="2">fast</subfield>
<subfield code="0">(OCoLC)fst01411628.</subfield>
</datafield>
<datafield tag="700" ind1="1" ind2=" ">
<subfield code="6">880-06</subfield>
<subfield code="a">Ibn al-Azraq al-Fāriqī, Aḥmad ibn Yūsuf ibn ʻAlī,</subfield>
<subfield code="d">1116 or 1117-1176.</subfield>
</datafield>
<datafield tag="700" ind1="1" ind2=" ">
<subfield code="6">880-07</subfield>
<subfield code="a">Sibṭ ibn al-Jawzī, Yūsuf ibn Qizughlī,</subfield>
<subfield code="d">1186 or 1187-1257.</subfield>
</datafield>
<datafield tag="700" ind1="1" ind2=" ">
<subfield code="6">880-08</subfield>
<subfield code="a">Dhahabī, Muḥammad ibn Aḥmad,</subfield>
<subfield code="d">1274-1348.</subfield>
</datafield>
<datafield tag="700" ind1="1" ind2=" ">
<subfield code="a">Amedroz, H. F.</subfield>
<subfield code="q">(Henry Frederick),</subfield>
<subfield code="d">1855-1917.</subfield>
</datafield>
<datafield tag="700" ind1="1" ind2=" ">
<subfield code="6">880-09</subfield>
<subfield code="a">Ṣābī, Hilāl ibn al-Muḥassin,</subfield>
<subfield code="d">970-1056.</subfield>
<subfield code="t">Tārīkh Dimashq.</subfield>
</datafield>
<datafield tag="776" ind1="0" ind2="8">
<subfield code="i">Online version:</subfield>
<subfield code="a">Ibn al-Qalānisī, Abū Yaʻlá Ḥamzah ibn Asad, -1160.</subfield>
<subfield code="t">Tārīkh Abī Yaʻlá Ḥamzah ibn al-Qalānisī.</subfield>
<subfield code="d">Bayrūt : al-Ābāʼ al-Yasūʻīayn, 1908</subfield>
<subfield code="w">(OCoLC)551622776</subfield>
</datafield>
<datafield tag="776" ind1="0" ind2="8">
<subfield code="i">Online version:</subfield>
<subfield code="a">Ibn al-Qalānisī, Abū Yaʻlá Ḥamzah ibn Asad, -1160.</subfield>
<subfield code="t">Tārīkh Abī Yaʻlá Ḥamzah ibn al-Qalānisī.</subfield>
<subfield code="d">Bayrūt : al-Ābāʼ al-Yasūʻīayn, 1908</subfield>
<subfield code="w">(OCoLC)606249827</subfield>
</datafield>
<datafield tag="776" ind1="0" ind2="8">
<subfield code="i">Online version:</subfield>
<subfield code="a">Ibn al-Qalānisī, Abū Yaʻlá Ḥamzah ibn Asad, -1160.</subfield>
<subfield code="t">Tārīkh Abī Yaʻlá Ḥamzah ibn al-Qalānisī.</subfield>
<subfield code="d">Bayrūt : al-Ābāʼ al-Yasūʻīayn, 1908</subfield>
<subfield code="w">(OCoLC)608641457</subfield>
</datafield>
<datafield tag="880" ind1="1" ind2=" ">
<subfield code="6">100-01/</subfield>
<subfield code="a">ابن القلانسي، ابو يعلى حمزة بن اسد،</subfield>
<subfield code="d">-1160.</subfield>
</datafield>
<datafield tag="880" ind1="1" ind2="0">
<subfield code="6">240-02/</subfield>
<subfield code="a">ذيل تاريخ دمشق</subfield>
</datafield>
<datafield tag="880" ind1="1" ind2="0">
<subfield code="6">245-03/</subfield>
<subfield code="a">تاريخ ابي يعلى حمزة بن القلانسي :</subfield>
<subfield code="b">المعرف بذيل تاريخ دمشق /</subfield>
<subfield code="c">تتلوه نخب من تواريخ ابن الازرق الفارقي والسبط ابن الجوزي والحافظ الذهبي.</subfield>
</datafield>
<datafield tag="880" ind1="3" ind2="0">
<subfield code="6">246-04/</subfield>
<subfield code="a">ذيل تاريخ دمشق</subfield>
</datafield>
<datafield tag="880" ind1=" " ind2=" ">
<subfield code="6">260-05/</subfield>
<subfield code="a">بيروت :</subfield>
<subfield code="b">مطبعة الاباء اليسوعيين،</subfield>
<subfield code="c">1908.</subfield>
</datafield>
<datafield tag="880" ind1="1" ind2=" ">
<subfield code="6">700-06/</subfield>
<subfield code="a">ابن الازرق الفارقي، احمد بن يوسف بن علي،,</subfield>
<subfield code="d">1116 or 1117-1176.</subfield>
</datafield>
<datafield tag="880" ind1="1" ind2=" ">
<subfield code="6">700-07/</subfield>
<subfield code="a">سبط بن الجوزي، يوسف بن قزغلي،,</subfield>
<subfield code="d">1186 or 1187-1257.</subfield>
</datafield>
<datafield tag="880" ind1="1" ind2=" ">
<subfield code="6">700-08/</subfield>
<subfield code="a">ذهبي، محمد بن احمد،,</subfield>
<subfield code="d">1274-1348.</subfield>
</datafield>
<datafield tag="880" ind1="1" ind2=" ">
<subfield code="6">700-09/</subfield>
<subfield code="a">صابي، هلال بن المحسن،</subfield>
<subfield code="d">970-1056.</subfield>
<subfield code="t">تاريخ دمشق.</subfield>
</datafield>
<datafield tag="OWN" ind1=" " ind2=" ">
<subfield code="a">GENERAL</subfield>
</datafield>
<datafield tag="AVA" ind1=" " ind2=" ">
<subfield code="a">NYU50</subfield>
<subfield code="b">BOBST</subfield>
<subfield code="c">Main Collection</subfield>
<subfield code="d">DS99.D3 I22</subfield>
<subfield code="e">unavailable</subfield>
<subfield code="t">Unavailable</subfield>
<subfield code="f">1</subfield>
<subfield code="g">1</subfield>
<subfield code="h">N</subfield>
<subfield code="i">2</subfield>
<subfield code="j">MAIN</subfield>
<subfield code="k">0</subfield>
</datafield>
</record>
